@article{Bleustein2014WaitTP,
  title={Wait times, patient satisfaction scores, and the perception of care.},
  author={Clifford B. Bleustein and David Baron de Rothschild and Andrew W Valen and Eduardas Valatis and Laura Schweitzer and Raleigh O. Jones},
  journal={The American journal of managed care},
  year={2014},
  volume={20 5},
  pages={
          393-400
        },
  url={https://api.semanticscholar.org/CorpusID:46489579}
}