@article{Raza2021BenchmarkingAK,
  title={Benchmarking Apache Kafka under network faults},
  author={Murtazain Raza and Jawad Tahir and Christoph Doblander and Ruben Mayer and Hans-Arno Jacobsen},
  journal={Proceedings of the 22nd International Middleware Conference: Demos and Posters},
  year={2021},
  url={https://api.semanticscholar.org/CorpusID:244801714}
}