@inproceedings{Wu2005NovelLU,
  title={Novel low-cost uncooled infrared camera (Invited Paper)},
  author={Ming-Siou Wu and J. Cook and Richard A. Devito and Jun Li and Eugene Y. Ma and Robert Murano and Nikolay I. Nemchuk and Marvin J. Tabasky and M. Wagner},
  booktitle={SPIE Defense + Commercial Sensing},
  year={2005},
  url={https://api.semanticscholar.org/CorpusID:109217383}
}