@article{Srinivasan2022ACS,
  title={A Comparative Study: Wireless Technologies in Internet of Things},
  author={R. Srinivasan and Basetty Mallikarjuna and M. Kavitha and R. J. Kavitha and Baharat Bhushan Naib},
  journal={2022 2nd International Conference on Advance Computing and Innovative Technologies in Engineering (ICACITE)},
  year={2022},
  pages={675-679},
  url={https://api.semanticscholar.org/CorpusID:250664021}
}