@article{Chunfang2007MLX90614IT,
  title={MLX90614 IR Thermometer and Its Application},
  author={Sha Chunfang},
  journal={Modern Electronics Technique},
  year={2007},
  url={https://api.semanticscholar.org/CorpusID:112488518}
}