@inproceedings{Lefvre2019OrganisationOM,
  title={Organisation of maternity services in Belgium},
  author={M{\'e}lanie Lef{\`e}vre and Nicolas Bouckaert and C{\'e}cile Camberlin and Stephan Devriese and Hilde Pinc{\'e} and Christophe de Meester and Beno{\"i}t Fricheteau and Carine Van de Voorde},
  year={2019},
  url={https://api.semanticscholar.org/CorpusID:275940647}
}