@article{Hafizh2021PerformanceEO,
  title={Performance Evaluation of Infrared Thermal Sensors based on Distance, Room Temperature, and Physical Activity on Objects},
  author={Alif Muhammad Hafizh and Tomy Abuzairi and Ahli Irfan},
  journal={2021 17th International Conference on Quality in Research (QIR): International Symposium on Electrical and Computer Engineering},
  year={2021},
  pages={49-54},
  url={https://api.semanticscholar.org/CorpusID:247109568}
}