@article{Ajmera2018ARP,
  title={A Review Paper on Infrared sensor},
  author={Pooja Ajmera},
  journal={International journal of engineering research and technology},
  year={2018},
  volume={5},
  url={https://api.semanticscholar.org/CorpusID:139503877}
}