@article{Kotagi2017AdaptiveLB,
  title={Adaptive Load Balanced Routing in heterogeneous IoT networks},
  author={Vijeth J. Kotagi and Fateh Singh and C. Siva Ram Murthy},
  journal={2017 IEEE International Conference on Communications Workshops (ICC Workshops)},
  year={2017},
  pages={589-594},
  url={https://api.semanticscholar.org/CorpusID:25251717}
}