@article{Morris2021PressureM,
  title={Pressure measurement},
  author={Alan S. Morris and Reza Langari},
  journal={Measurement and Instrumentation},
  year={2021},
  url={https://api.semanticscholar.org/CorpusID:242880026}
}