@article{Chawuthai2018TheAO,
  title={The Analysis of a Microwave Sensor Signal for Detecting a Kick Gesture},
  author={Rathachai Chawuthai and Rachsak Sakdanuphab},
  journal={2018 International Conference on Engineering, Applied Sciences, and Technology (ICEAST)},
  year={2018},
  pages={1-4},
  url={https://api.semanticscholar.org/CorpusID:52016495}
}