@article{Inayah2021AnalisisAS,
  title={Analisis Akurasi Sistem Sensor IR MLX90614 dan Sensor Ultrasonik berbasis Arduino terhadap Termometer Standar},
  author={Inayatul Inayah},
  journal={Jurnal Fisika Unand},
  year={2021},
  url={https://api.semanticscholar.org/CorpusID:244615799}
}