@inproceedings{Mukhammad2021SensitivitasSM,
  title={Sensitivitas Sensor MLX90614 Sebagai Alat Pengukur Suhu Tubuh Tubuh Non-Contact Pada Manusia},
  author={Yanuar Mukhammad and Agoes Santika Hyperastuty},
  year={2021},
  url={https://api.semanticscholar.org/CorpusID:233834876}
}