@article{Loke2019AchievingEA,
  title={Achieving Ethical Algorithmic Behaviour in the Internet-of-Things: a Review},
  author={Seng Wai Loke},
  journal={ArXiv},
  year={2019},
  volume={abs/1910.10241},
  url={https://api.semanticscholar.org/CorpusID:204838055}
}