@article{Spasov2019UsingIA,
  title={Using IR array MLX90640 to build an IoT solution for ALL and security smart systems},
  author={Grisha Spasov and Vasil Tsvetkov and Galidiya Petrova},
  journal={2019 IEEE XXVIII International Scientific Conference Electronics (ET)},
  year={2019},
  pages={1-4},
  url={https://api.semanticscholar.org/CorpusID:204863612}
}