@inproceedings{Bassi2013EnablingTT,
  title={Enabling Things to Talk},
  author={Alessandro Bassi and Martin Peter Bauer and Martin Fiedler and Rob Van Kranenburg and Sebastian Lange and Stefan Meissner and Thorsten Kramp},
  booktitle={Springer Berlin Heidelberg},
  year={2013},
  url={https://api.semanticscholar.org/CorpusID:19069775}
}