@article{Prabu2023ARI,
  title={A Real-Time Internet of Things based Systematic Toll Plaza Controlling System using Logical RFID},
  author={Ramachandran Thandaiah Prabu and Joel. T and Govindaraj Ramkumar},
  journal={2023 International Conference on Innovative Computing, Intelligent Communication and Smart Electrical Systems (ICSES)},
  year={2023},
  pages={1-8},
  url={https://api.semanticscholar.org/CorpusID:268547985}
}