@article{Popescul2018EthicalCA,
  title={Ethical Concerns and Solutions in Health Internet of Things},
  author={Daniela Popescul and Ya'akov M. Bayer},
  journal={Bioengineering eJournal},
  year={2018},
  url={https://api.semanticscholar.org/CorpusID:237526639}
}