@article{Mnguni2019LoRaGP,
  title={LoRa Gateway Placement at the University of Zululand: A Case Study},
  author={Smangaliso Mnguni and Pragasen Mudali and Nombuso Sibeko and Matthew Olusegun Adigun},
  journal={2019 International Conference on Smart Applications, Communications and Networking (SmartNets)},
  year={2019},
  pages={1-6},
  url={https://api.semanticscholar.org/CorpusID:216042612}
}