@article{Hoberg2011ADI,
  title={A demodulation inductive proximity sensor with suppression of background magnetic flux density},
  author={Stefan Hoberg and Dietmar Ehrhardt},
  journal={2011 7th Conference on Ph.D. Research in Microelectronics and Electronics},
  year={2011},
  pages={157-160},
  url={https://api.semanticscholar.org/CorpusID:18428412}
}