@article{Viriyavisuthisakul2017AutomaticQM,
  title={Automatic queue monitoring in store using a low-cost IoT sensing platform},
  author={Supatta Viriyavisuthisakul and Parinya Sanguansat and Satoshi Toriumi and Mikihara Hayashi and T. Yamasaki},
  journal={2017 IEEE International Conference on Consumer Electronics - Taiwan (ICCE-TW)},
  year={2017},
  pages={53-54},
  url={https://api.semanticscholar.org/CorpusID:77928}
}