@Article{Ogidan2022,
  author    = {Olugbenga Kayode Ogidan and Olusola Ayodele Oloruntoba and Olusola Babalola and Oluwatobiloba Ajagunna and M. O. Ajewole},
  journal   = {2022 IEEE Nigeria 4th International Conference on Disruptive Technologies for Sustainable Development (NIGERCON)},
  title     = {Automated Temperature Scanner Sensor In Comparison With Mercury-In-Glass Thermometer},
  year      = {2022},
  month     = apr,
  pages     = {1-6},
  booktitle = {2022 IEEE Nigeria 4th International Conference on Disruptive Technologies for Sustainable Development (NIGERCON)},
  doi       = {10.1109/nigercon54645.2022.9803010},
  file      = {:https\://api.semanticscholar.org/CorpusID\:250119333:},
  publisher = {IEEE},
  url       = {https://api.semanticscholar.org/CorpusID:250119333},
}

@Comment{jabref-meta: databaseType:bibtex;}
