@article{Baker2017InternetOT,
  title={Internet of Things for Smart Healthcare: Technologies, Challenges, and Opportunities},
  author={Stephanie B. Baker and Wei Xiang and Ian M. Atkinson},
  journal={IEEE Access},
  year={2017},
  volume={5},
  pages={26521-26544},
  url={https://api.semanticscholar.org/CorpusID:206491297}
}