@article{Shanmugavalli2023PressureMU,
  title={Pressure Monitoring using dSPACE},
  author={Dr. M. Shanmugavalli and Krishnan Hariharan and G P Jayakanthan and Dhinesh R and Bharath Samvel D},
  journal={IJIREEICE},
  year={2023},
  url={https://api.semanticscholar.org/CorpusID:258542405}
}