@article{Nezami2020DecentralizedEL,
  title={Decentralized Edge-to-Cloud Load Balancing: Service Placement for the Internet of Things},
  author={Zeinab Nezami and Kamran Zamanifar and Karim Djemame and Evangelos Pournaras},
  journal={IEEE Access},
  year={2020},
  volume={9},
  pages={64983-65000},
  url={https://api.semanticscholar.org/CorpusID:218470288}
}