@article{Baghezza2022ProfileRF,
  title={Profile Recognition for Accessibility and Inclusivity in Smart Cities Using a Thermal Imaging Sensor in an Embedded System},
  author={Rani Baghezza and K{\'e}vin Bouchard and Abdenour Bouzouane and Charles Gouin-Vallerand},
  journal={IEEE Internet of Things Journal},
  year={2022},
  volume={9},
  pages={7491-7509},
  url={https://api.semanticscholar.org/CorpusID:244012818}
}