@article{article,
author = {Ghazal, Mohammed and Hamouda, Rania and Ali, Samr},
year = {2016},
month = {05},
pages = {},
title = {A Smart Mobile System for the Real-Time Tracking and Management of Service Queues},
volume = {5},
journal = {International Journal of Computing and Digital Systems},
doi = {10.12785/ijcds/050402}
}