@article{Karunarathne2018WirelessCT,
  title={Wireless Communication Technologies in Internet of Things: A Critical Evaluation},
  author={G.G.K.W.M.S.I.R. Karunarathne and K.A.D.T. Kulawansa and M.F.M. Firdhous},
  journal={2018 International Conference on Intelligent and Innovative Computing Applications (ICONIC)},
  year={2018},
  pages={1-5},
  url={https://api.semanticscholar.org/CorpusID:57756425}
}