@article{Soetedjo2023LeafTM,
  title={Leaf Temperature Monitoring System Using Low-Cost Thermal Camera and IoT Technology},
  author={Aryuanto Soetedjo and Evy Hendriarianti},
  journal={2023 Second International Conference On Smart Technologies For Smart Nation (SmartTechCon)},
  year={2023},
  pages={183-188},
  url={https://api.semanticscholar.org/CorpusID:267045042}
}