@article{article,
author = {Hussain, Idris and Deshalahre, Devendra and Isha, and Prabhat, Prabhat},
year = {2024},
month = {08},
pages = {1211-1221},
title = {Assessing the Effectiveness of An IoT-Based Healthcare Monitoring and Alerting System with Arduino Integration},
volume = {38},
journal = {Revue d'Intelligence Artificielle},
doi = {10.18280/ria.380415}
}