@article{Chen2023MobilityawareES,
  title={Mobility-aware edge server placement for mobile edge computing},
  author={Yuanyi Chen and Dezhi Wang and Nailong Wu and Zhengzhe Xiang},
  journal={Comput. Commun.},
  year={2023},
  volume={208},
  pages={136-146},
  url={https://api.semanticscholar.org/CorpusID:259810534}
}