@article{Talavera2017ReviewOI,
  title={Review of IoT applications in agro-industrial and environmental fields},
  author={Jesus Talavera and Luis Eduardo Tobon and Jairo Alejandro Gomez and Maria Alejandra Culman and Juan Manuel Aranda and Diana Teresa Parra and Luis Alfredo Quiroz and Adolfo Hoyos and Luis Ernesto Garreta},
  journal={Comput. Electron. Agric.},
  year={2017},
  volume={142},
  pages={283-297},
  url={https://api.semanticscholar.org/CorpusID:29734880}
}