@inproceedings{Chandana2017AST,
  title={A Smart Traffic Management System for Congestion Control and Warnings Using Internet of Things ( IoT )},
  author={Chandana and Dr. S. Meenakshi Sundaram and Cyana Dâ€™sa and M. N. Shanmukha Swamy and K. Navya},
  year={2017},
  url={https://api.semanticscholar.org/CorpusID:173174940}
}