@article{article,
author = {Ibrahim, Mostafa and Ghalwash, Atef and Abdulkader, Sarah and Elgazzar, Mohamed},
year = {2019},
month = {01},
pages = {02003},
title = {Networking solutions for connecting bluetooth low energy devices - a comparison},
volume = {292},
journal = {MATEC Web of Conferences},
doi = {10.1051/matecconf/201929202003}
}