@article{Wu2020IoTES,
  title={IoT enabled Smart Lighting System using STM32 microcontroller with high performance ARM{\textregistered} Cortex{\textregistered}-M3 core},
  author={Siyu Wu and Amir M. Abdulghani and Shuja Ansari and Muhammad Ali Imran and Qammer Hussain Abbasi},
  journal={2020 International Conference on UK-China Emerging Technologies (UCET)},
  year={2020},
  pages={1-4},
  url={https://api.semanticscholar.org/CorpusID:222095673}
}