@article{Dauwed2018HumanFF,
  title={Human factors for IoT services utilization for health information exchange},
  author={Mohammed Dauwed and Jamaiah Haji Yahaya and Zulkefli Mansor and Abdul Razak Hamdan},
  journal={Journal of theoretical and applied information technology},
  year={2018},
  volume={96},
  pages={2095-2105},
  url={https://api.semanticscholar.org/CorpusID:49523511}
}