@article{Braun2015CapacitivePS,
  title={Capacitive proximity sensing in smart environments},
  author={Andreas Braun and Reiner Wichert and Arjan Kuijper and Dieter W. Fellner},
  journal={J. Ambient Intell. Smart Environ.},
  year={2015},
  volume={7},
  pages={483-510},
  url={https://api.semanticscholar.org/CorpusID:7710778}
}