@article{Naresh2020InternetOT,
  title={Internet of Things in Healthcare: Architecture, Applications, Challenges, and Solutions},
  author={Vankamamidi Srinivasa Naresh and Suryateja Satya Pericherla and Pilla Sita Rama Murty and Reddi Sivaranjani},
  journal={Comput. Syst. Sci. Eng.},
  year={2020},
  volume={35},
  pages={411-421},
  url={https://api.semanticscholar.org/CorpusID:231597946}
}