@inproceedings{Pandey2018MedicalB,
  title={Medical (Healthcare) Big Data Security and Privacy Issues},
  author={Saurabh Pandey and Rashmikiran Pandey},
  year={2018},
  url={https://api.semanticscholar.org/CorpusID:231204000}
}