@article{Kovcshzy2024InterCoreCP,
  title={Inter-Core Communication Performance Evaluation of a Multicore Microcontroller for Edge Computing Applications},
  author={Tam{\'a}s Kov{\'a}csh{\'a}zy and Gergely Kov{\'a}cs},
  journal={2024 6th Global Power, Energy and Communication Conference (GPECOM)},
  year={2024},
  pages={785-790},
  url={https://api.semanticscholar.org/CorpusID:270974438}
}