@article{Lo2013DevelopmentOA,
  title={Development of a proximity sensor with vertically monolithic integrated inductive and capacitive sensing units},
  author={Pei-Hsuan Lo and Shih-Hsiung Tseng and Jen-Hao Yeh and Weileun Fang},
  journal={Journal of Micromechanics and Microengineering},
  year={2013},
  volume={23},
  url={https://api.semanticscholar.org/CorpusID:110988754}
}