@article{SainzRaso2019SecurityVI,
  title={Security Vulnerabilities in Raspberry Piâ€“Analysis of the System Weaknesses},
  author={Jorge Sainz-Raso and Sergio Mart{\'i}n and Gabriel D{\'i}az and Manuel Castro},
  journal={IEEE Consumer Electronics Magazine},
  year={2019},
  volume={8},
  pages={47-52},
  url={https://api.semanticscholar.org/CorpusID:207760082}
}