@article{Dautov2017ThreelevelHD,
  title={Three-level hierarchical data fusion through the IoT, edge, and cloud computing},
  author={Rustem Dautov and Salvatore Distefano},
  journal={Proceedings of the 1st International Conference on Internet of Things and Machine Learning},
  year={2017},
  url={https://api.semanticscholar.org/CorpusID:44102438}
}