@inproceedings{Mockler2010RFIDAI,
  title={RFID AND ITS APPLICATIONS IN MANAGEMENT},
  author={Robert J. Mockler and Joseph F. Adams and Marc E. Gartenfeld},
  year={2010},
  url={https://api.semanticscholar.org/CorpusID:60105477}
}