@article{Tinglib2012RandomDS,
  title={Random Deployment Strategy of Wireless Sensor Network Node},
  author={Guo Ting-lib},
  journal={Computer Engineering},
  year={2012},
  url={https://api.semanticscholar.org/CorpusID:63510517}
}