@inproceedings{Spohn2020UMAAD,
  title={UMA AVALIAÃ‡{\~A}O DO SISTEMA OPERACIONAL FREERTOS NA PLATAFORMA ARDUINO UNO},
  author={Marco Aur{\'e}lio Spohn and Felipe Chabatura Neto and Leonardo Tironi Fassini},
  year={2020},
  url={https://api.semanticscholar.org/CorpusID:229573142}
}