@article{Maier2017ComparativeAA,
  title={Comparative analysis and practical implementation of the ESP32 microcontroller module for the internet of things},
  author={Alexander Maier and Andrew Sharp and Yuriy Vagapov},
  journal={2017 Internet Technologies and Applications (ITA)},
  year={2017},
  pages={143-148},
  url={https://api.semanticscholar.org/CorpusID:2719539}
}