@article{Doubek2016SpeedofsoundBS,
  title={Speed-of-sound based sensors for environmental monitoring},
  author={Martin Doubek and Vaclav Vacek and Gregory Hallewell and Benjamin Pearson},
  journal={2016 IEEE SENSORS},
  year={2016},
  pages={1-3},
  url={https://api.semanticscholar.org/CorpusID:45444329}
}