@inproceedings{2014HE,
  title={小而强大 HP EliteDesk 800 G1 Mini PC},
  author={王丁},
  year={2014},
  url={https://api.semanticscholar.org/CorpusID:179289027}
}