@article{Daniel2019SmartLS,
  title={Smart Library Seat, Occupant and Occupancy Information System, using Pressure and RFID Sensors},
  author={Okoronkwo Chinomso Daniel and Visham Ramsurrun and Amar Kumar Seeam},
  journal={2019 Conference on Next Generation Computing Applications (NextComp)},
  year={2019},
  pages={1-5},
  url={https://api.semanticscholar.org/CorpusID:204943373}
}