@inproceedings{Bieszczad2011ImagePM,
  title={Image processing module for high-speed thermal camera with cooled detector},
  author={Grzegorz Bieszczad and Tomasz Sosnowski and Henryk Madura and Mariusz Kastek and Jarosław Bareła},
  booktitle={Defense + Commercial Sensing},
  year={2011},
  url={https://api.semanticscholar.org/CorpusID:123128146}
}