@article{article,
author = {Mahinderjit Singh, Manmeet and Adzman, Ku and Hassan, Rohail},
year = {2018},
month = {12},
pages = {298-305},
title = {Near Field Communication (NFC) Technology Security Vulnerabilities and Countermeasures},
volume = {7},
journal = {International Journal of Engineering and Technology},
doi = {10.14419/ijet.v7i4.31.23384}
}