@inproceedings{Sundar2015NovelAO,
  title={Novel Applications of Force Sensing Resistors in Healthcare Technologies},
  author={Aditya Sundar and Chinmay Das and Mukund K. Deshmukh},
  year={2015},
  url={https://api.semanticscholar.org/CorpusID:166222286}
}