@article{Vorajee2020AnalyzingCO,
  title={Analyzing capacity of a consumer-grade infrared camera in South Africa for cost-effective aerial inspection of building envelopes},
  author={Naadir Vorajee and Asit Kumar Mishra and Amit Kumar Mishra},
  journal={Collection of Frontiers of Architectural Research},
  year={2020},
  volume={9},
  pages={697-710},
  url={https://api.semanticscholar.org/CorpusID:225544298}
}