@inproceedings{Singh2022AnalyzingRT,
  title={Analyzing Real Time Stock Market Data using Apache Flink},
  author={Amritpal Singh and Aditya Khamparia},
  booktitle={WCES},
  year={2022},
  url={https://api.semanticscholar.org/CorpusID:259102212}
}