@inproceedings{Patil2021DistanceAG,
  title={Distance Aware Gateway Placement Optimization for Machine-to-Machine (M2M) Communication in IoT Network},
  author={Suvarna Patil},
  year={2021},
  url={https://api.semanticscholar.org/CorpusID:234803970}
}