@inproceedings{Krishnachalitha2020WirelessSN,
  title={Wireless Sensor Network-Based Hybrid Intrusion Detection System on Feature Extraction Deep Learning and Reinforcement Learning Techniques},
  author={K. C. Krishnachalitha and C. Priya},
  year={2020},
  url={https://api.semanticscholar.org/CorpusID:219422561}
}