@article{Jeddou2020AnalysisAE,
  title={Analysis and evaluation of communication Protocols for IoT Applications},
  author={Sidna Jeddou and Amine Ba{\"i}na and Abdallah Najid and Hassan El Alami},
  journal={Proceedings of the 13th International Conference on Intelligent Systems: Theories and Applications},
  year={2020},
  url={https://api.semanticscholar.org/CorpusID:226278553}
}