@inproceedings{Vanmathi2019AccelerometerBH,
  title={Accelerometer Based Home Automation System Using IoT},
  author={U. Vanmathi and Hindavi Kishor Jadhav and A. Nandhini and Rajesh Kumar Muthu},
  booktitle={International Conference on Soft Computing for Problem Solving},
  year={2019},
  url={https://api.semanticscholar.org/CorpusID:214221807}
}