@article{Wu2023WeakRF,
  title={Weak Radio Frequency Signal Reception Sensitivity Based on DC Superconducting Quantum Interference Devices},
  author={Shanchi Wu and Chen Gong and Shangbin Li and Rui Ni and Jinkang Zhu},
  journal={IEEE Transactions on Applied Superconductivity},
  year={2023},
  volume={33},
  pages={1-8},
  url={https://api.semanticscholar.org/CorpusID:258142435}
}