@article{Mehta2015CCDOC,
  title={CCD or CMOS Image sensor for photography},
  author={Sanket Mehta and Arpita Patel and Jagrat Mehta},
  journal={2015 International Conference on Communications and Signal Processing (ICCSP)},
  year={2015},
  pages={0291-0294},
  url={https://api.semanticscholar.org/CorpusID:9892887}
}