@article{Rinaldi2019ImpactOD,
  title={Impact of Data Model on Performance of Time Series Database for Internet of Things Applications},
  author={Stefano Rinaldi and Federico Bonafini and Paolo Ferrari and Alessandra Flammini and Emiliano Sisinni and Devis Bianchini},
  journal={2019 IEEE International Instrumentation and Measurement Technology Conference (I2MTC)},
  year={2019},
  pages={1-6},
  url={https://api.semanticscholar.org/CorpusID:202158571}
}