@article{Alablani2019PerformanceEO,
  title={Performance Evaluation of Sensor Deployment Strategies in WSNs Towards IoT},
  author={Ibtihal Ahmed Alablani and Mohammed J. F. Alenazi},
  journal={2019 IEEE/ACS 16th International Conference on Computer Systems and Applications (AICCSA)},
  year={2019},
  pages={1-8},
  url={https://api.semanticscholar.org/CorpusID:213182989}
}