@article{Kleeman2018UltrasonicS,
  title={Ultrasonic Sensors},
  author={Lindsay Kleeman},
  journal={Control and Mechatronics},
  year={2018},
  url={https://api.semanticscholar.org/CorpusID:240041780}
}