@article{Gla2020UserPM,
  title={User presence monitoring based on Velostat pressure sensors and Arduino platform},
  author={Michal G{\'a}la and Jan Barabas and Mariana Kop{\'a}skov{\'a}},
  journal={2020 IEEE 21st International Conference on Computational Problems of Electrical Engineering (CPEE)},
  year={2020},
  pages={1-3},
  url={https://api.semanticscholar.org/CorpusID:226229906}
}