@inproceedings{Sarkar2013DesignOA,
  title={Design of a CMOS Image Sensor},
  author={Mukul Sarkar and Cynthia Yin},
  year={2013},
  url={https://api.semanticscholar.org/CorpusID:108198756}
}