@article{Saidi2023SmartPD,
  title={Smart position detection of shelf-load based on imbalanced load cell sensors},
  author={Tarik Saidi and Abdelmajid El Bakkali},
  journal={2023 IEEE International Conference on Advances in Data-Driven Analytics And Intelligent Systems (ADACIS)},
  year={2023},
  pages={1-5},
  url={https://api.semanticscholar.org/CorpusID:267576169}
}