@article{Anitha2022ARO,
  title={A Review on Communication Protocols of Industrial Internet of Things},
  author={T. N. Anitha and S. Manimurugan and S. Sridhar and S. Mathupriya and G. Charlyn and Pushpa Latha},
  journal={2022 2nd International Conference on Computing and Information Technology (ICCIT)},
  year={2022},
  pages={418-423},
  url={https://api.semanticscholar.org/CorpusID:246945522}
}