@article{Beuchat2019EnablingOL,
  title={Enabling Optimization-Based Localization for IoT Devices},
  author={Paul Nathaniel Beuchat and Henrik Hesse and Alexander Domahidi and John Lygeros},
  journal={IEEE Internet of Things Journal},
  year={2019},
  volume={6},
  pages={5639-5650},
  url={https://api.semanticscholar.org/CorpusID:88498482}
}