@article{Calvo2016BuildingIA,
  title={Building IoT Applications with Raspberry Pi and Low Power IQRF Communication Modules},
  author={Isidro Calvo and Jos{\'e} Miguel Gil-Garc{\'i}a and Igor Recio and Asier Garciandia L{\'o}pez and Jer{\'o}nimo Quesada},
  journal={Electronics},
  year={2016},
  volume={5},
  pages={54},
  url={https://api.semanticscholar.org/CorpusID:18411894}
}