@inproceedings{Wang2020TheSO,
  title={The Scalability of WiFi for Mobile Embedded Sensor Interfaces},
  author={John Wang and Eduardo A. L. Meneses and Marcelo M. Wanderley},
  booktitle={New Interfaces for Musical Expression},
  year={2020},
  url={https://api.semanticscholar.org/CorpusID:221668365}
}