@article{Gade2013ThermalCA,
  title={Thermal cameras and applications: a survey},
  author={Rikke Gade and Thomas Baltzer Moeslund},
  journal={Machine Vision and Applications},
  year={2013},
  volume={25},
  pages={245 - 262},
  url={https://api.semanticscholar.org/CorpusID:8446711}
}