@article{Alabduljabbar2018UrNextA,
  title={UrNext : A Proposed Location-aware Patient Queuing Solution using BLE Technology},
  author={Reham Alabduljabbar and Rawan Bin Madhi and Hind Medan and Nada Alaqeel and Munira Alsubaie},
  journal={2018 21st Saudi Computer Society National Computer Conference (NCC)},
  year={2018},
  pages={1-3},
  url={https://api.semanticscholar.org/CorpusID:57364928}
}