@article{article,
author = {Chidurala, Veena and Li, Xinrong},
year = {2021},
month = {01},
pages = {1-1},
title = {Occupancy Estimation Using Thermal Imaging Sensors and Machine Learning Algorithms},
volume = {PP},
journal = {IEEE Sensors Journal},
doi = {10.1109/JSEN.2021.3049311}
}