@article{BlancoFilgueira2016ARO,
  title={A Review of CMOS Photodiode Modeling and the Role of the Lateral Photoresponse},
  author={Beatriz Blanco-Filgueira and Paula Lopez Martinez and Juan Bautista Roldan Aranda},
  journal={IEEE Transactions on Electron Devices},
  year={2016},
  volume={63},
  pages={16-25},
  url={https://api.semanticscholar.org/CorpusID:24306619}
}