@article{Meenakshi2020APO,
  title={A Prototype of an IOT Based â€“ Smart Agriculture Monitoring System},
  author={V. S. Meenakshi and V. Sujatha},
  journal={Programmable Device Circuits and Systems},
  year={2020},
  volume={12},
  pages={37-41},
  url={https://api.semanticscholar.org/CorpusID:215855074}
}