@article{Palanisamy2021ContactlessDT,
  title={Contactless digital tachometer using microcontroller},
  author={R. Palanisamy and S. Vidyasagar and V. Kalyanasundaram and R. Sridhar},
  journal={International Journal of Electrical and Computer Engineering},
  year={2021},
  volume={11},
  pages={293-299},
  url={https://api.semanticscholar.org/CorpusID:224952342}
}