@article{Pop2009BuildingMS,
  title={Building management system based on image sensor},
  author={Septimiu Pop and Dan Pitica and Ioan Ciascai},
  journal={2009 15th International Symposium for Design and Technology of Electronics Packages (SIITME)},
  year={2009},
  pages={261-264},
  url={https://api.semanticscholar.org/CorpusID:41525404}
}