@article{Benirschke2017CharacterizationOA,
  title={Characterization of a low-cost, commercially available, vanadium oxide microbolometer array for spectroscopic imaging},
  author={David Benirschke and Scott S. Howard},
  journal={Optical Engineering},
  year={2017},
  volume={56},
  pages={040502-040502},
  url={https://api.semanticscholar.org/CorpusID:125203519}
}