@article{Padmanaban2024ApacheKO,
  title={Apache Kafka on Big Data Event Streaming for Enhanced Data Flows},
  author={Kumaravel Padmanaban and T. R. Ganesh Babu and K. Karthika and Balachandra Pattanaik and Dhanabhavithra K and C. Srinivasan},
  journal={2024 8th International Conference on I-SMAC (IoT in Social, Mobile, Analytics and Cloud) (I-SMAC)},
  year={2024},
  pages={977-983},
  url={https://api.semanticscholar.org/CorpusID:273533831}
}