@article{Nair2015OptimizingPC,
  title={Optimizing power consumption in iot based wireless sensor networks using Bluetooth Low Energy},
  author={Karan Nair and Janhavi Kulkarni and Mansi Warde and Zalak Dave and Vedashree Rawalgaonkar and Ganesh Gore and Jonathan Joshi},
  journal={2015 International Conference on Green Computing and Internet of Things (ICGCIoT)},
  year={2015},
  pages={589-593},
  url={https://api.semanticscholar.org/CorpusID:18695746}
}