@article{Spachos2020BLEBI,
  title={BLE Beacons in the Smart City: Applications, Challenges, and Research Opportunities},
  author={Petros Spachos and Konstantinos N. Plataniotis},
  journal={IEEE Internet of Things Magazine},
  year={2020},
  volume={3},
  pages={14-18},
  url={https://api.semanticscholar.org/CorpusID:215799597}
}