@article{Paul2020CREWCA,
  title={CREW: Cost and Reliability aware Eagle‚ÄêWhale optimiser for service placement in Fog},
  author={John Paul and A. Kandasamy and K. Chandrasekaran and John Paul Martin},
  journal={Software: Practice and Experience},
  year={2020},
  volume={50},
  pages={2337 - 2360},
  url={https://api.semanticscholar.org/CorpusID:224945976}
}