@article{Vukoni2022UltrasonicSI,
  title={Ultrasonic Sensors in IoT Applications},
  author={Luka Vukoni{\'c} and Mladen Tomic},
  journal={2022 45th Jubilee International Convention on Information, Communication and Electronic Technology (MIPRO)},
  year={2022},
  pages={415-420},
  url={https://api.semanticscholar.org/CorpusID:250118921}
}