@article{Chen1994GranularPL,
  title={Granular particle linear flow velocity measurement using an electronic linear image sensor},
  author={Changhe Chen and Michael F. Kocher and David D. Jones},
  journal={Computers and Electronics in Agriculture},
  year={1994},
  volume={11},
  pages={117-129},
  url={https://api.semanticscholar.org/CorpusID:109803424}
}