@article{Iqbal2014NFCBI,
  title={NFC based inventory control system for secure and efficient communication},
  author={Razi Iqbal and Awais Ahmad and Asfandyar Gilani},
  journal={Computer Engineering and Applications},
  year={2014},
  volume={3},
  pages={23-33},
  url={https://api.semanticscholar.org/CorpusID:56011912}
}