@article{Tsai2011PIRsensorbasedLD,
  title={PIR-sensor-based lighting device with ultra-low standby power consumption},
  author={Cheng-Hung Tsai and Ying-Wen Bai and Chun-An Chu and Chih-Yu Chung and Ming-Bo Lin},
  journal={2011 IEEE International Instrumentation and Measurement Technology Conference},
  year={2011},
  pages={1-6},
  url={https://api.semanticscholar.org/CorpusID:2838989}
}