@article{Preradovic2009DesignOF,
  title={Design of fully printable chipless RFID tag on flexible substrate for secure banknote applications},
  author={Stevan Preradovic and Nemai Chandra Karmakar},
  journal={2009 3rd International Conference on Anti-counterfeiting, Security, and Identification in Communication},
  year={2009},
  pages={206-210},
  url={https://api.semanticscholar.org/CorpusID:20017829}
}