@article{article,
author = {Hosny, Khalid and Magdi, Amal and Salah, Ahmad and Elkomy, Osama and Lashin, Nabil},
year = {2023},
month = {02},
pages = {902-910},
title = {Internet of things applications using Raspberry-Pi: a survey},
volume = {13},
journal = {International Journal of Electrical and Computer Engineering},
doi = {10.11591/ijece.v13i1.pp902-910}
}