@article{Javed2017ImplementationOI,
  title={Implementation of IR sensors in thru-beam and diffuse-reflective modes for obstacle detection},
  author={Asfa Javed and Hassan Tariq and Abdullah Khalid},
  journal={2017 International Symposium on Wireless Systems and Networks (ISWSN)},
  year={2017},
  pages={1-5},
  url={https://api.semanticscholar.org/CorpusID:26870233}
}