@book{abraham2023hybrid,
  title={Hybrid Intelligent Systems: 22nd International Conference on Hybrid Intelligent Systems (HIS 2022), December 13--15, 2022},
  author={Abraham, A. and Hong, T.P. and Kotecha, K. and Ma, K. and Mishra, P.M. and Gandhi, N.},
  isbn={9783031274091},
  series={Lecture Notes in Networks and Systems},
  url={https://books.google.be/books?id=5crAEAAAQBAJ},
  year={2023},
  publisher={Springer Nature Switzerland}
}
