@INPROCEEDINGS{10306699,
  author={Mehdi, Abbas and Bali, Milandeep Kour and Abbas, Syed Imran and Singh, Monika},
  booktitle={2023 14th International Conference on Computing Communication and Networking Technologies (ICCCNT)}, 
  title={"Unleashing the Potential of Grafana: A Comprehensive Study on Real-Time Monitoring and Visualization"}, 
  year={2023},
  volume={},
  number={},
  pages={1-8},
  keywords={Measurement;Scalability;Data visualization;Organizations;Real-time systems;Internet of Things;Visual databases;Grafana;DevOps;Monitoring;Operations},
  doi={10.1109/ICCCNT56998.2023.10306699}}
