@ARTICLE{9314180,
  author={Chidurala, Veena and Li, Xinrong},
  journal={IEEE Sensors Journal}, 
  title={Occupancy Estimation Using Thermal Imaging Sensors and Machine Learning Algorithms}, 
  year={2021},
  volume={21},
  number={6},
  pages={8627-8638},
  keywords={Sensors;Thermal sensors;Image sensors;Estimation;Imaging;Sensor systems;Sensor phenomena and characterization;Classification;infrared array sensor;occupancy estimation;thermal imaging},
  doi={10.1109/JSEN.2021.3049311}}
