@INPROCEEDINGS{10653501,
  author={Inzole, Aachal and Sonwane, Sandip},
  booktitle={2024 IEEE 3rd International Conference on Electrical Power and Energy Systems (ICEPES)}, 
  title={IoT in Healthcare: Applications & Challenges}, 
  year={2024},
  volume={},
  number={},
  pages={1-5},
  keywords={Technological innovation;Patient monitoring;Telemedicine;Scalability;Ecosystems;Medical services;Internet of Things;IoT in healthcare;applications;challenges},
  doi={10.1109/ICEPES60647.2024.10653501}}
