@INPROCEEDINGS{7478242,
  author={Ghazal, Mohammed and Hamouda, Rania and Ali, Samr},
  booktitle={2015 Fifth International Conference on e-Learning (econf)}, 
  title={An IoT Smart Queue Management System with Real-Time Queue Tracking}, 
  year={2015},
  volume={},
  number={},
  pages={257-262},
  keywords={Smart phones;Servers;TV;Real-time systems;Entertainment industry;Medical services;Government;Queuing Management Systems;Near Field Communication;Web of Things;Mobile Computing},
  doi={10.1109/ECONF.2015.69}}
