@INPROCEEDINGS{10084082,
  author={Shiny, M. Lorate and Ramrao, Nagaraj and Murugan, Kalpana},
  booktitle={2023 7th International Conference on Computing Methodologies and Communication (ICCMC)}, 
  title={A Review on Ongoing Medical Care Observing Framework for Cardiovascular Patients Utilizing IoT}, 
  year={2023},
  volume={},
  number={},
  pages={1310-1318},
  keywords={Wearable computers;Medical services;Organizations;Mental health;Sensors;Internet of Things;Security;e-Health;Remote Diagnosis;Wearable devices},
  doi={10.1109/ICCMC56507.2023.10084082}}
