@book{james2021iot,
  title={IoT System Design: Project Based Approach},
  author={James, A. and Seth, A. and Mukhopadhyay, S.C.},
  isbn={9783030858636},
  series={Smart Sensors, Measurement and Instrumentation},
  url={https://books.google.be/books?id=g8hEEAAAQBAJ},
  year={2021},
  publisher={Springer International Publishing}
}
