@ARTICLE{Osborne2015-ta,
  title    = "{A\&E} departments reach crisis point as trusts buckle under the
              pressure",
  author   = "Osborne, Katie",
  abstract = "Thousands of nurses in England are struggling to cope with
              unprecedented pressures on A\&E departments, as waiting times
              reached their worst levels for a decade.",
  journal  = "Nurs Stand",
  volume   =  29,
  number   =  20,
  pages    = "7",
  month    =  jan,
  year     =  2015,
  address  = "England",
  language = "en"
}
