@article{LI2024127017,
title = {A review of IoT applications in healthcare},
journal = {Neurocomputing},
volume = {565},
pages = {127017},
year = {2024},
issn = {0925-2312},
doi = {https://doi.org/10.1016/j.neucom.2023.127017},
url = {https://www.sciencedirect.com/science/article/pii/S0925231223011402},
author = {Chunyan Li and Jiaji Wang and Shuihua Wangâ€Ž and Yudong Zhang},
keywords = {IoT, Healthcare, Remote monitoring},
abstract = {Integrating Internet of Things (IoT) technologies in the healthcare industry represents a transformative shift with tangible benefits. This paper provides a detailed examination of IoT adoption in healthcare, focusing on specific sensor types and communication methods. It underscores successful real-world applications, including remote patient monitoring, individualized treatment strategies, and streamlined healthcare delivery. Furthermore, it delves into the intricate challenges to realizing the full potential of IoT in healthcare. This includes addressing data security concerns, ensuring seamless interoperability, and optimizing the use of IoT-generated data. The paper seeks to inspire practitioners and researchers by highlighting the practical implications of IoT in healthcare, emphasizing the ways IoT can enhance patient care, resource allocation, and overall healthcare efficiency.}
}