






















@article{Nottingham02012018,
author = {Quinton J. Nottingham, Dana M. Johnson and Roberta S. Russell},
title = {The Effect of Waiting Time on Patient Perceptions of Care Quality},
journal = {Quality Management Journal},
volume = {25},
number = {1},
pages = {32--45},
year = {2018},
publisher = {Taylor \& Francis},
doi = {10.1080/10686967.2018.1404368},


URL = { 
    
        https://doi.org/10.1080/10686967.2018.1404368
    
    

},
eprint = { 
    
        https://doi.org/10.1080/10686967.2018.1404368
    
    

}

}


