






















@article{Jobé04052018,
author = {Jérôme Jobé and Anne-Françoise Donneau and Béatrice Scholtes and Alexandre Ghuysen and},
title = {Quantifying emergency department crowding: comparison between two scores},
journal = {Acta Clinica Belgica},
volume = {73},
number = {3},
pages = {207--212},
year = {2018},
publisher = {Taylor \& Francis},
doi = {10.1080/17843286.2017.1410605},

    note ={PMID: 29207925},


URL = { 
    
        https://doi.org/10.1080/17843286.2017.1410605
    
    

},
eprint = { 
    
        https://doi.org/10.1080/17843286.2017.1410605
    
    

}

}


