@article{Marks2019QueuingT,
  title={Queuing theory},
  author={Neil B. Marks},
  journal={The Information System Consultantâ€™s Handbook},
  year={2019},
  url={https://api.semanticscholar.org/CorpusID:57969739}
}