@inproceedings{Lam2009OccupancyDT,
  title={Occupancy detection through an extensive environmental sensor network in an open-plan office building},
  author={Khee Poh Lam and Michael H{\"o}ynck and Bing Dong and Burton Andrews and Yun-Shang Chiou and Rui Zhang and Diego S. Ben{\'i}tez and Joon-Ho Choi},
  year={2009},
  url={https://api.semanticscholar.org/CorpusID:15469446}
}