@inproceedings{inproceedings,
author = {Kleiminger, Wilhelm and Beckel, Christian and Staake, Thorsten and Santini, Silvia},
year = {2013},
month = {11},
pages = {1-8},
title = {Occupancy Detection from Electricity Consumption Data},
doi = {10.1145/2528282.2528295}
}