@article{article,
author = {Mani, Geetha and Volety, Rohit},
year = {2021},
month = {01},
pages = {1936886},
title = {A comparative analysis of LSTM and ARIMA for enhanced real-time air pollutant levels forecasting using sensor fusion with ground station data},
volume = {8},
journal = {Cogent Engineering},
doi = {10.1080/23311916.2021.1936886}
}