@inproceedings{Hammoud2017UltraSenseAS,
  title={UltraSense: A Self-Calibrating Ultrasound-Based Room Occupancy Sensing System},
  author={Abbass Hammoud and Michel Deriaz and Dimitri Konstantas},
  booktitle={ANT/SEIT},
  year={2017},
  url={https://api.semanticscholar.org/CorpusID:4989496}
}