@article{Ejstrud2006VisitorNA,
  title={Visitor Numbers and Feasibility Studies. Predicting Visitor Numbers to Danish Open‚Äêair Museums using GIS and Multivariate Statistics},
  author={Bo Ejstrud},
  journal={Scandinavian Journal of Hospitality and Tourism},
  year={2006},
  volume={6},
  pages={327 - 335},
  url={https://api.semanticscholar.org/CorpusID:153188401}
}