@article{Chand2021PrivacyPO,
  title={Privacy Preserving Occupancy Detection Using NB IoT Sensors},
  author={C. P. Reshma Chand and Angelo Araya Villanueva and Matt Marty and Michal Aibin},
  journal={2021 IEEE Canadian Conference on Electrical and Computer Engineering (CCECE)},
  year={2021},
  pages={1-4},
  url={https://api.semanticscholar.org/CorpusID:240004945}
}