@inproceedings{Ramachandran2018SensorSU,
  title={Sensor Search Using Clustering Technique in a Massive IoT Environment},
  author={Nandhakumar Ramachandran and Varalakshmi Perumal and Sakithya Gopinath and M. Rama Jothi},
  year={2018},
  url={https://api.semanticscholar.org/CorpusID:64684386}
}