@article{Begovi2024TheIO,
  title={The Influence of Choosing Sensor Locations Inside Closed Facilities on the Reliability, Adaptability, and Energy Efficiency of IoT Systems},
  author={Malik Begovi{\'c} and Admir Midzic},
  journal={2024 47th MIPRO ICT and Electronics Convention (MIPRO)},
  year={2024},
  pages={1871-1876},
  url={https://api.semanticscholar.org/CorpusID:270797706}
}