@article{Yang2018DeviceFreeOA,
  title={Device-Free Occupant Activity Sensing Using WiFi-Enabled IoT Devices for Smart Homes},
  author={Jianfei Yang and Han Zou and Hao Jiang and Lihua Xie},
  journal={IEEE Internet of Things Journal},
  year={2018},
  volume={5},
  pages={3991-4002},
  url={https://api.semanticscholar.org/CorpusID:53438279}
}