@inproceedings{Dincer2013GoogleMJ,
  title={Google Maps JavaScript API Cookbook},
  author={Alper Dincer and Balkan Uraz},
  year={2013},
  url={https://api.semanticscholar.org/CorpusID:62469984}
}