@article{article,
author = {Maaspuro, Mika},
year = {2018},
month = {10},
pages = {8055-8068},
title = {Infrared occupancy detection technologies in building automation - A review},
volume = {13},
journal = {ARPN Journal of Engineering and Applied Sciences}
}