@unknown{unknown,
author = {Park, Myung-joo and Yang, Hyo-sik},
year = {2024},
month = {09},
pages = {},
title = {Comparative Study of Time Series Analysis Algorithms Suitable for Short-term Forecasting in Implementing Demand Response Based on AMI},
doi = {10.20944/preprints202409.1615.v1}
}