@inproceedings{Little2008LittlesL,
  title={Little's Law},
  author={John Little and Stephen C. Graves},
  year={2008},
  url={https://api.semanticscholar.org/CorpusID:59821081}
}