@inproceedings{Wolff2011LittlesLA,
  title={Little's Law and Related Results},
  author={Ronald W. Wolff},
  year={2011},
  url={https://api.semanticscholar.org/CorpusID:117266162}
}