@article{Ji2018OccupancyDT,
  title={Occupancy detection technology in the building based on IoT environment sensors},
  author={Youngmin Ji and Kisu Ok and Woo Suk Choi},
  journal={Proceedings of the 8th International Conference on the Internet of Things},
  year={2018},
  url={https://api.semanticscholar.org/CorpusID:52978876}
}