@article{SimchiLevi2011IntroductionT,
  title={Introduction to "Little's Law as Viewed on Its 50th Anniversary"},
  author={David Simchi-Levi and Michael A. Trick},
  journal={Oper. Res.},
  year={2011},
  volume={59},
  pages={535},
  url={https://api.semanticscholar.org/CorpusID:44469752}
}