@article{Nagendra2023ComparingAL,
  title={Comparing ARIMA, Linear Regression, Random Forest, and LSTM for Time Series Forecasting: A Study on Item Stock Predictions},
  author={Bommireddi Nagendra and Ghanapriya Singh},
  journal={2023 4th IEEE Global Conference for Advancement in Technology (GCAT)},
  year={2023},
  pages={1-8},
  url={https://api.semanticscholar.org/CorpusID:266379853}
}