@article{Benevento2021TowardsAR,
  title={Towards a real-time prediction of waiting times in emergency departments: A comparative analysis of machine learning techniques},
  author={Elisabetta Benevento and Davide Aloini and Nunzia Squicciarini},
  journal={International Journal of Forecasting},
  year={2021},
  url={https://api.semanticscholar.org/CorpusID:245468372}
}