@article{Shahbazian2023HumanSB,
  title={Human Sensing by Using Radio Frequency Signals: A Survey on Occupancy and Activity Detection},
  author={Reza Shahbazian and Irina Trubitsyna},
  journal={IEEE Access},
  year={2023},
  volume={11},
  pages={40878-40904},
  url={https://api.semanticscholar.org/CorpusID:258315621}
}