@article{Sgueglia2022ASL,
  title={A systematic literature review of IoT time series anomaly detection solutions},
  author={Arnaldo Sgueglia and Andrea Di Sorbo and Corrado Aaron Visaggio and Gerardo Canfora},
  journal={Future Gener. Comput. Syst.},
  year={2022},
  volume={134},
  pages={170-186},
  url={https://api.semanticscholar.org/CorpusID:248221065}
}