@article{Walsh2007ProductionEF,
  title={Production Equations for Unsteady-State Construction Processes},
  author={Kenneth D. Walsh and Anil Sawhney and Howard H. Bashford},
  journal={Journal of Construction Engineering and Management-asce},
  year={2007},
  volume={133},
  pages={254-261},
  url={https://api.semanticscholar.org/CorpusID:111335276}
}