@inproceedings{Hayati2017SomePO,
  title={Some perspectives on the application of Little's law: L = $\lambda$W},
  author={Fazel Hayati},
  year={2017},
  url={https://api.semanticscholar.org/CorpusID:125158388}
}