@INPROCEEDINGS{20.500.11850/106853,
	isbn = {978-1-4503-3574-4},
	doi = {10.1145/2750858.2807538},
	year = {2015},
	booktitle = {Proceedings of the 2015 ACM International Joint Conference on Pervasive and Ubiquitous Computing},
	type = {Conference Paper},
	author = {Kleiminger, Wilhelm and Beckel, Christian and Santini, Silvia},
	language = {en},
	address = {New York, NY},
	publisher = {Association for Computing Machinery},
	title = {Household Occupancy Monitoring Using Electricity Meters},
	PAGES = {975 - 986},
	Note = {The 2015 ACM International Joint Conference on Pervasive and Ubiquitous Computing (UbiComp '15); Conference Location: Osaka, Japan; Conference Date: September 7-11, 2015}
}