@ARTICLE{9868085,
  author={Hu, Shushan and Wang, Peng and Hoare, Cathal and Oâ€™Donnell, James},
  journal={IEEE Internet of Things Journal}, 
  title={Building Occupancy Detection and Localization Using CCTV Camera and Deep Learning}, 
  year={2023},
  volume={10},
  number={1},
  pages={597-608},
  keywords={Sensors;Buildings;Videos;Feature extraction;Deep learning;Cameras;Internet of Things;Building occupancy detection;deep learning;Internet of Things (IoT) sensor},
  doi={10.1109/JIOT.2022.3201877}}
