@misc{starmer2024nhs,
  author       = {Keir Starmer},
  title        = {PM speech on the NHS: 12 September 2024},
  year         = 2024,
  month        = sep,
  url          = {https://www.gov.uk/example-url},
  note         = {Prime Minister Keir Starmer delivers a speech on the NHS at the King's Fund},
  howpublished = {GOV.UK}
}
