@online{nlm2024,
  author       = {{National Library of Medicine}},
  title        = {National Library of Medicine},
  year         = {2024},
  url          = {https://www.nlm.nih.gov},
  note         = {Accessed: 2024-12-20},
}
