






















@article{Potter25042020,
author = {Andrew Potter and Denis R. Towill and Jonathan Gosling and},
title = {On the versatility of Littleâ€™s Law in operations management: a review and classification using vignettes},
journal = {Production Planning \& Control},
volume = {31},
number = {6},
pages = {437--452},
year = {2020},
publisher = {Taylor \& Francis},
doi = {10.1080/09537287.2019.1647363},


URL = { 
    
        https://doi.org/10.1080/09537287.2019.1647363
    
    

},
eprint = { 
    
        https://doi.org/10.1080/09537287.2019.1647363
    
    

}

}


